%YAML 1.1
%TAG !u! tag:unity3d.com,2011:
--- !u!54 &6035270584427670381
Rigidbody:
  m_ObjectHideFlags: 0
  m_CorrespondingSourceObject: {fileID: 0}
  m_PrefabInstance: {fileID: 0}
  m_PrefabAsset: {fileID: 0}
  m_GameObject: {fileID: 2642966943280240435}
  serializedVersion: 2
  m_Mass: 1
  m_Drag: 0
  m_AngularDrag: 0.05
  m_UseGravity: 0
  m_IsKinematic: 1
  m_Interpolate: 0
  m_Constraints: 14
  m_CollisionDetection: 3
--- !u!136 &5536261930837864758
CapsuleCollider:
  m_ObjectHideFlags: 0
  m_CorrespondingSourceObject: {fileID: 0}
  m_PrefabInstance: {fileID: 0}
  m_PrefabAsset: {fileID: 0}
  m_GameObject: {fileID: 2642966943280240435}
  m_Material: {fileID: 13400000, guid: 9b76f2f6a86b106438f16512431bf7f8, type: 2}
  m_IsTrigger: 0
  m_Enabled: 1
  m_Radius: 0.25
  m_Height: 1.8
  m_Direction: 1
  m_Center: {x: 0, y: 0.8, z: 0}
--- !u!114 &3022448188348441029
MonoBehaviour:
  m_ObjectHideFlags: 0
  m_CorrespondingSourceObject: {fileID: 0}
  m_PrefabInstance: {fileID: 0}
  m_PrefabAsset: {fileID: 0}
  m_GameObject: {fileID: 2642966943280240435}
  m_Enabled: 1
  m_EditorHideFlags: 0
  m_Script: {fileID: 11500000, guid: 652caaaab1574ff44ab19e1ffc6d54ab, type: 3}
  m_Name: 
  m_EditorClassIdentifier: 
  _rgb: {fileID: 6035270584427670381}
  _axis: {x: 0, y: 1, z: 0}
  _speed: 1
--- !u!1 &2656651277272781682
GameObject:
  m_ObjectHideFlags: 0
  m_CorrespondingSourceObject: {fileID: 0}
  m_PrefabInstance: {fileID: 0}
  m_PrefabAsset: {fileID: 0}
  serializedVersion: 6
  m_Component:
  - component: {fileID: 4676887813224223279}
  - component: {fileID: 2656651277272781692}
  - component: {fileID: 2656651277272781683}
  m_Layer: 0
  m_Name: Hazard_PingPong_Rotate (Palo)
  m_TagString: Untagged
  m_Icon: {fileID: 0}
  m_NavMeshLayer: 0
  m_StaticEditorFlags: 0
  m_IsActive: 1
--- !u!4 &4676887813224223279
Transform:
  m_ObjectHideFlags: 0
  m_CorrespondingSourceObject: {fileID: 0}
  m_PrefabInstance: {fileID: 0}
  m_PrefabAsset: {fileID: 0}
  m_GameObject: {fileID: 2656651277272781682}
  m_LocalRotation: {x: 0, y: 0, z: 0, w: 1}
  m_LocalPosition: {x: 15, y: 0, z: 0}
  m_LocalScale: {x: 1, y: 1, z: 1}
  m_Children:
  - {fileID: 328920963237814918}
  - {fileID: 3451556949179616649}
  m_Father: {fileID: 0}
  m_RootOrder: 0
  m_LocalEulerAnglesHint: {x: 0, y: 0, z: 0}
--- !u!54 &2656651277272781692
Rigidbody:
  m_ObjectHideFlags: 0
  m_CorrespondingSourceObject: {fileID: 0}
  m_PrefabInstance: {fileID: 0}
  m_PrefabAsset: {fileID: 0}
  m_GameObject: {fileID: 2656651277272781682}
  serializedVersion: 2
  m_Mass: 1
  m_Drag: 0
  m_AngularDrag: 0.05
  m_UseGravity: 0
  m_IsKinematic: 1
  m_Interpolate: 0
  m_Constraints: 0
  m_CollisionDetection: 3
--- !u!114 &2656651277272781683
MonoBehaviour:
  m_ObjectHideFlags: 0
  m_CorrespondingSourceObject: {fileID: 0}
  m_PrefabInstance: {fileID: 0}
  m_PrefabAsset: {fileID: 0}
  m_GameObject: {fileID: 2656651277272781682}
  m_Enabled: 1
  m_EditorHideFlags: 0
  m_Script: {fileID: 11500000, guid: 88d4bd75020a61f4485ab3ff774c376e, type: 3}
  m_Name: 
  m_EditorClassIdentifier: 
  _self: {fileID: 4676887813224223279}
  _mesh: {fileID: 0}
  _rgb: {fileID: 2656651277272781692}
  _direction: {x: 0, y: 0, z: 1}
  _distance: 5
  _speed: 1
--- !u!1 &7289003376717944299
GameObject:
  m_ObjectHideFlags: 0
  m_CorrespondingSourceObject: {fileID: 0}
  m_PrefabInstance: {fileID: 0}
  m_PrefabAsset: {fileID: 0}
  serializedVersion: 6
  m_Component:
  - component: {fileID: 351962957803071027}
  - component: {fileID: 4200403810793756157}
  m_Layer: 0
  m_Name: Collider
  m_TagString: Enemy
  m_Icon: {fileID: 0}
  m_NavMeshLayer: 0
  m_StaticEditorFlags: 0
  m_IsActive: 1
--- !u!4 &351962957803071027
Transform:
  m_ObjectHideFlags: 0
  m_CorrespondingSourceObject: {fileID: 0}
  m_PrefabInstance: {fileID: 0}
  m_PrefabAsset: {fileID: 0}
  m_GameObject: {fileID: 7289003376717944299}
  m_LocalRotation: {x: 0, y: 0, z: 0, w: 1}
  m_LocalPosition: {x: 0, y: 0, z: 0}
  m_LocalScale: {x: 1, y: 1, z: 1}
  m_Children: []
  m_Father: {fileID: 3451556949179616649}
  m_RootOrder: 0
  m_LocalEulerAnglesHint: {x: 0, y: 0, z: 0}
--- !u!136 &4200403810793756157
CapsuleCollider:
  m_ObjectHideFlags: 0
  m_CorrespondingSourceObject: {fileID: 0}
  m_PrefabInstance: {fileID: 0}
  m_PrefabAsset: {fileID: 0}
  m_GameObject: {fileID: 7289003376717944299}
  m_Material: {fileID: 0}
  m_IsTrigger: 1
  m_Enabled: 1
  m_Radius: 0.15
  m_Height: 1.8
  m_Direction: 2
  m_Center: {x: 0, y: 0.96, z: 1.15}
--- !u!1001 &223551204851271021
PrefabInstance:
  m_ObjectHideFlags: 0
  serializedVersion: 2
  m_Modification:
    m_TransformParent: {fileID: 4676887813224223279}
    m_Modifications:
    - target: {fileID: -8679921383154817045, guid: f656c64e2b4225e4894f14282e51e19a, type: 3}
      propertyPath: m_RootOrder
      value: 0
      objectReference: {fileID: 0}
    - target: {fileID: -8679921383154817045, guid: f656c64e2b4225e4894f14282e51e19a, type: 3}
      propertyPath: m_LocalPosition.x
      value: -0
      objectReference: {fileID: 0}
    - target: {fileID: -8679921383154817045, guid: f656c64e2b4225e4894f14282e51e19a, type: 3}
      propertyPath: m_LocalPosition.y
      value: 0.036560412
      objectReference: {fileID: 0}
    - target: {fileID: -8679921383154817045, guid: f656c64e2b4225e4894f14282e51e19a, type: 3}
      propertyPath: m_LocalPosition.z
      value: 0.000000019073486
      objectReference: {fileID: 0}
    - target: {fileID: -8679921383154817045, guid: f656c64e2b4225e4894f14282e51e19a, type: 3}
      propertyPath: m_LocalRotation.w
      value: 1
      objectReference: {fileID: 0}
    - target: {fileID: -8679921383154817045, guid: f656c64e2b4225e4894f14282e51e19a, type: 3}
      propertyPath: m_LocalRotation.x
      value: 0
      objectReference: {fileID: 0}
    - target: {fileID: -8679921383154817045, guid: f656c64e2b4225e4894f14282e51e19a, type: 3}
      propertyPath: m_LocalRotation.y
      value: -0
      objectReference: {fileID: 0}
    - target: {fileID: -8679921383154817045, guid: f656c64e2b4225e4894f14282e51e19a, type: 3}
      propertyPath: m_LocalRotation.z
      value: -0
      objectReference: {fileID: 0}
    - target: {fileID: -8679921383154817045, guid: f656c64e2b4225e4894f14282e51e19a, type: 3}
      propertyPath: m_LocalEulerAnglesHint.x
      value: 0
      objectReference: {fileID: 0}
    - target: {fileID: -8679921383154817045, guid: f656c64e2b4225e4894f14282e51e19a, type: 3}
      propertyPath: m_LocalEulerAnglesHint.y
      value: 0
      objectReference: {fileID: 0}
    - target: {fileID: -8679921383154817045, guid: f656c64e2b4225e4894f14282e51e19a, type: 3}
      propertyPath: m_LocalEulerAnglesHint.z
      value: 0
      objectReference: {fileID: 0}
    - target: {fileID: 919132149155446097, guid: f656c64e2b4225e4894f14282e51e19a, type: 3}
      propertyPath: m_Name
      value: Hazard_Base
      objectReference: {fileID: 0}
    - target: {fileID: 919132149155446097, guid: f656c64e2b4225e4894f14282e51e19a, type: 3}
      propertyPath: m_StaticEditorFlags
      value: 0
      objectReference: {fileID: 0}
    m_RemovedComponents: []
  m_SourcePrefab: {fileID: 100100000, guid: f656c64e2b4225e4894f14282e51e19a, type: 3}
--- !u!4 &328920963237814918 stripped
Transform:
  m_CorrespondingSourceObject: {fileID: -8679921383154817045, guid: f656c64e2b4225e4894f14282e51e19a, type: 3}
  m_PrefabInstance: {fileID: 223551204851271021}
  m_PrefabAsset: {fileID: 0}
--- !u!1001 &2912946873211595362
PrefabInstance:
  m_ObjectHideFlags: 0
  serializedVersion: 2
  m_Modification:
    m_TransformParent: {fileID: 4676887813224223279}
    m_Modifications:
    - target: {fileID: -8679921383154817045, guid: 5a66a4a1c9226794da86f4f2ffbb917e, type: 3}
      propertyPath: m_RootOrder
      value: 1
      objectReference: {fileID: 0}
    - target: {fileID: -8679921383154817045, guid: 5a66a4a1c9226794da86f4f2ffbb917e, type: 3}
      propertyPath: m_LocalPosition.x
      value: 4.0819913e-12
      objectReference: {fileID: 0}
    - target: {fileID: -8679921383154817045, guid: 5a66a4a1c9226794da86f4f2ffbb917e, type: 3}
      propertyPath: m_LocalPosition.y
      value: 0.049007077
      objectReference: {fileID: 0}
    - target: {fileID: -8679921383154817045, guid: 5a66a4a1c9226794da86f4f2ffbb917e, type: 3}
      propertyPath: m_LocalPosition.z
      value: 0.0015427694
      objectReference: {fileID: 0}
    - target: {fileID: -8679921383154817045, guid: 5a66a4a1c9226794da86f4f2ffbb917e, type: 3}
      propertyPath: m_LocalRotation.w
      value: 1
      objectReference: {fileID: 0}
    - target: {fileID: -8679921383154817045, guid: 5a66a4a1c9226794da86f4f2ffbb917e, type: 3}
      propertyPath: m_LocalRotation.x
      value: 0
      objectReference: {fileID: 0}
    - target: {fileID: -8679921383154817045, guid: 5a66a4a1c9226794da86f4f2ffbb917e, type: 3}
      propertyPath: m_LocalRotation.y
      value: -0
      objectReference: {fileID: 0}
    - target: {fileID: -8679921383154817045, guid: 5a66a4a1c9226794da86f4f2ffbb917e, type: 3}
      propertyPath: m_LocalRotation.z
      value: -0
      objectReference: {fileID: 0}
    - target: {fileID: -8679921383154817045, guid: 5a66a4a1c9226794da86f4f2ffbb917e, type: 3}
      propertyPath: m_LocalEulerAnglesHint.x
      value: 0
      objectReference: {fileID: 0}
    - target: {fileID: -8679921383154817045, guid: 5a66a4a1c9226794da86f4f2ffbb917e, type: 3}
      propertyPath: m_LocalEulerAnglesHint.y
      value: 0
      objectReference: {fileID: 0}
    - target: {fileID: -8679921383154817045, guid: 5a66a4a1c9226794da86f4f2ffbb917e, type: 3}
      propertyPath: m_LocalEulerAnglesHint.z
      value: 0
      objectReference: {fileID: 0}
    - target: {fileID: 919132149155446097, guid: 5a66a4a1c9226794da86f4f2ffbb917e, type: 3}
      propertyPath: m_Name
      value: Hazard_Poste
      objectReference: {fileID: 0}
    m_RemovedComponents: []
  m_SourcePrefab: {fileID: 100100000, guid: 5a66a4a1c9226794da86f4f2ffbb917e, type: 3}
--- !u!1 &2642966943280240435 stripped
GameObject:
  m_CorrespondingSourceObject: {fileID: 919132149155446097, guid: 5a66a4a1c9226794da86f4f2ffbb917e, type: 3}
  m_PrefabInstance: {fileID: 2912946873211595362}
  m_PrefabAsset: {fileID: 0}
--- !u!4 &3451556949179616649 stripped
Transform:
  m_CorrespondingSourceObject: {fileID: -8679921383154817045, guid: 5a66a4a1c9226794da86f4f2ffbb917e, type: 3}
  m_PrefabInstance: {fileID: 2912946873211595362}
  m_PrefabAsset: {fileID: 0}
